<collection xmlns="http://www.loc.gov/MARC21/slim">
<record>
  <leader>01183nam0a22002651i 450 </leader>
  <controlfield tag="001">IT\ICCU\CNCE\047209</controlfield>
  <controlfield tag="005">20080530000000.0</controlfield>
  <datafield tag="012" ind1=" " ind2=" ">
    <subfield code="a">e,sq t.us m,s. e,um (C) 1515 (Q)</subfield>
    <subfield code="2">fei</subfield>
  </datafield>
  <datafield tag="100" ind1=" " ind2=" ">
    <subfield code="a">19990216f1515        0itac0103    ba</subfield>
  </datafield>
  <datafield tag="101" ind1=" " ind2=" ">
    <subfield code="a">LAT</subfield>
  </datafield>
  <datafield tag="102" ind1=" " ind2=" ">
    <subfield code="a">IT</subfield>
  </datafield>
  <datafield tag="200" ind1="1" ind2=" ">
    <subfield code="a">Vt Numa Romuleum traduxit robur ad aras sic Leo belligeras traducet ad ocia gentes</subfield>
  </datafield>
  <datafield tag="210" ind1=" " ind2=" ">
    <subfield code="d">\circa 1515!</subfield>
  </datafield>
  <datafield tag="215" ind1=" " ind2=" ">
    <subfield code="a">\6! c.</subfield>
    <subfield code="d">4ʻ</subfield>
  </datafield>
  <datafield tag="300" ind1=" " ind2=" ">
    <subfield code="a">Stampato a Roma da Johann Beplin; per il tipografo e la data cfr. Short-title catalogue of books printed in Italy and of Italian books printed in other countries, p. 486. - Il nome dell&apos;autore si ricava da c. A1v</subfield>
  </datafield>
  <datafield tag="620" ind1=" " ind2=" ">
    <subfield code="a">IT</subfield>
    <subfield code="d">Roma</subfield>
  </datafield>
  <datafield tag="700" ind1=" " ind2="1">
    <subfield code="a">Palladio,</subfield>
    <subfield code="b">Blosio</subfield>
    <subfield code="3">IT\ICCU\CNCA\008999</subfield>
  </datafield>
  <datafield tag="712" ind1="0" ind2="0">
    <subfield code="a">Beplin, Johann</subfield>
    <subfield code="3">IT\ICCU\CNCT\001177</subfield>
    <subfield code="4">650</subfield>
  </datafield>
  <datafield tag="790" ind1=" " ind2="1">
    <subfield code="a">Pallai,</subfield>
    <subfield code="b">Biagio</subfield>
    <subfield code="3">IT\ICCU\CNCA\017561</subfield>
    <subfield code="z">Palladio, Blosio</subfield>
  </datafield>
  <datafield tag="790" ind1=" " ind2="1">
    <subfield code="a">Palladius,</subfield>
    <subfield code="b">Blosius</subfield>
    <subfield code="3">IT\ICCU\CNCA\021949</subfield>
    <subfield code="z">Palladio, Blosio</subfield>
  </datafield>
  <datafield tag="791" ind1="0" ind2="0">
    <subfield code="a">Beplinus, Ioannes</subfield>
    <subfield code="3">IT\ICCU\CNCT\004342</subfield>
    <subfield code="z">Beplin, Johann</subfield>
  </datafield>
  <datafield tag="801" ind1=" " ind2="3">
    <subfield code="a">IT</subfield>
    <subfield code="b">ICCU</subfield>
    <subfield code="c">20201115</subfield>
  </datafield>
  <datafield tag="899" ind1=" " ind2=" ">
    <subfield code="a">Biblioteca nazionale centrale. Roma</subfield>
    <subfield code="1">RM0267</subfield>
    <subfield code="2">BVE CR</subfield>
  </datafield>
  <datafield tag="899" ind1=" " ind2=" ">
    <subfield code="a">Biblioteca comunale. Treviso</subfield>
    <subfield code="1">TV0114</subfield>
    <subfield code="2">VIA CT</subfield>
  </datafield>
  <datafield tag="899" ind1=" " ind2=" ">
    <subfield code="a">British Library. London</subfield>
    <subfield code="1">UK0001</subfield>
  </datafield>
</record>
</collection>
